@misc {twitch, 
    howpublished="\url{https://www.twitch.tv/drsimonclark}", 
    journal={Twitch}, 
    author={Clark, Simon}
}

@misc{playlist, 
    howpublished="\url{https://www.twitch.tv/collections/ewOcca6DExadGg}", 
    journal={Twitch}, 
    author={Clark, Simon}, 
    editor={Reed, CaptainEditor}
}

@misc{simon,
    author={Clark, Simon}
}

@misc{polarPlane, 
    howpublished="\url{https://www.twitch.tv/videos/715183053}", 
    author={Clark, Simon},
    journal={Twitch}, 
    year={2020}, 
    month={Aug}
}

@misc{SI, 
    title={SI Units}, 
    howpublished="\url{https://www.nist.gov/pml/weights-and-measures/metric-si/si-units}", 
    journal={NIST}, 
    publisher={National Institute of Standards and Technology, a U.S. Department of Commerce}, 
    author={Isabel Chavez}, 
    year={2019}, 
    month={Nov}
}

%My Physics Book
@inbook{stefan-boltzmann, 
    place={Harlow}, 
    title={Sears and Zemanskys University physics with modern physics}, 
    publisher={Pearson Education}, 
    author={Young, Hugh D. and Freedman, Roger A. and Ford, A. Lewis}, 
    year={2016},
    chapter={39},
    pages={1328},
    edition={14th global}
}

@inbook{specificHeat, 
    place={Harlow}, 
    title={Sears and Zemanskys University physics with modern physics}, 
    publisher={Pearson Education}, 
    author={Young, Hugh D. and Freedman, Roger A. and Ford, A. Lewis}, 
    year={2016},
    chapter={17},
    pages={581},
    edition={14th global}
}

@inbook{thermo1, 
    place={Harlow}, 
    title={Sears and Zemanskys University physics with modern physics}, 
    publisher={Pearson Education}, 
    author={Young, Hugh D. and Freedman, Roger A. and Ford, A. Lewis}, 
    year={2016},
    chapter={19},
    pages={648},
    edition={14th global}
}

@inbook{idealGas, 
    place={Harlow}, 
    title={Sears and Zemanskys University physics with modern physics}, 
    publisher={Pearson Education}, 
    author={Young, Hugh D. and Freedman, Roger A. and Ford, A. Lewis}, 
    year={2016},
    chapter={18},
    pages={610},
    edition={14th global}
}

@inbook{densityAir, 
    place={Harlow}, 
    title={Sears and Zemanskys University physics with modern physics}, 
    publisher={Pearson Education}, 
    author={Young, Hugh D. and Freedman, Roger A. and Ford, A. Lewis}, 
    year={2016},
    chapter={12},
    pages={394},
    edition={14th global}
}

@inbook{potential, 
    place={Harlow}, 
    title={Sears and Zemanskys University physics with modern physics}, 
    publisher={Pearson Education}, 
    author={Young, Hugh D. and Freedman, Roger A. and Ford, A. Lewis}, 
    year={2016},
    chapter={7},
    pages={227-247},
    edition={14th global}
}

%Simon's physics book
@inbook{momentumeqs, 
    place={Cambridge}, 
    edition={2nd}, 
    DOI={10.1017/9781107588417.003}, 
    title={Atmospheric and Oceanic Fluid Dynamics: Fundamentals and Large-Scale Circulation}, 
    publisher={Cambridge University Press}, 
    author={Vallis, Geoffrey K.}, 
    year={2017},
    chapter={2}, 
    pages={69}
}

@inbook{diffusion, 
    place={Cambridge}, 
    edition={2nd}, 
    DOI={10.1017/9781107588417.003}, 
    title={Atmospheric and Oceanic Fluid Dynamics: Fundamentals and Large-Scale Circulation}, 
    publisher={Cambridge University Press}, 
    author={Vallis, Geoffrey K.}, 
    year={2017},
    chapter={13}, 
    pages={473}
}

@inbook{masscontinue, 
    place={Cambridge}, 
    edition={2nd}, 
    DOI={10.1017/9781107588417.003}, 
    title={Atmospheric and Oceanic Fluid Dynamics: Fundamentals and Large-Scale Circulation}, 
    publisher={Cambridge University Press}, 
    author={Vallis, Geoffrey K.}, 
    year={2017},
    chapter={1}, 
    pages={8}
}

@inbook{hydrostatic, 
    place={Cambridge}, 
    edition={2nd}, 
    DOI={10.1017/9781107588417.003}, 
    title={Atmospheric and Oceanic Fluid Dynamics: Fundamentals and Large-Scale Circulation}, 
    publisher={Cambridge University Press}, 
    author={Vallis, Geoffrey K.}, 
    year={2017},
    chapter={1}, 
    pages={12}
}

@inbook{thermalPotential, 
    place={Cambridge}, 
    edition={2nd}, 
    DOI={10.1017/9781107588417.003}, 
    title={Atmospheric and Oceanic Fluid Dynamics: Fundamentals and Large-Scale Circulation}, 
    publisher={Cambridge University Press}, 
    author={Vallis, Geoffrey K.}, 
    year={2017},
    chapter={1}, 
    pages={24}
}

%Calculus
@inbook{areaCircle, 
    place={Don Mills, Ont.}, 
    title={Calculus a complete course}, 
    publisher={Pearson}, 
    author={Adams, Robert Alexander and Essex, Christopher}, 
    year={2018},
    chapter={1},
    pages={62},
    edition={9th}
}

@inbook{areaSphere,
    place={Don Mills, Ont.}, 
    title={Calculus a complete course}, 
    publisher={Pearson}, 
    author={Adams, Robert Alexander and Essex, Christopher}, 
    year={2018},
    chapter={7},
    pages={412},
    edition={9th}
}

@inbook{vectorscalarfields,
    place={Don Mills, Ont.}, 
    title={Calculus a complete course}, 
    publisher={Pearson}, 
    author={Adams, Robert Alexander and Essex, Christopher}, 
    year={2018},
    chapter={15},
    pages={867},
    edition={9th}
}

@inbook{laplacian,
    place={Don Mills, Ont.}, 
    title={Calculus a complete course}, 
    publisher={Pearson}, 
    author={Adams, Robert Alexander and Essex, Christopher}, 
    year={2018},
    chapter={16},
    pages={923},
    edition={9th}
}

%Misc book sources
@inbook{uniformdist, 
    place={Hoboken, NJ}, 
    edition={7th}, 
    title={Applied statistics and probability for engineers}, 
    publisher={Wiley}, 
    author={Montgomery, Douglas C. and Runger, George C.}, 
    year={2018},
    chapter={3},
    pages={49}
}

@article{fft, 
    title={An algorithm for the machine calculation of complex Fourier series}, 
    volume={19}, 
    DOI={10.1090/s0025-5718-1965-0178586-1}, 
    number={90}, 
    journal={Mathematics of Computation}, 
    author={Cooley, James W. and Tukey, John W.}, 
    year={1965}, 
    pages={297–297}
}

%General internet sources
@misc{latlong, 
    title={Geographic coordinate system}, 
    howpublished="\url{https://en.wikipedia.org/wiki/Geographic_coordinate_system#Latitude_and_longitude}", 
    journal={Wikipedia}, 
    publisher={Wikimedia Foundation},
    author={Tobias Hoevekamp},
    year={2020},
    month={Jul}
}

@misc{equinox, 
    title={Equinox}, 
    howpublished="\url{https://en.wikipedia.org/wiki/Equinox}", 
    journal={Wikipedia}, 
    publisher={Wikimedia Foundation}, 
    author={Palmen, Karl}, 
    year={2020}, 
    month={Jun}
}

@misc{eulerFormula, 
    title={Equinox}, 
    howpublished="\url{https://en.wikipedia.org/wiki/Euler%27s_formula}", 
    journal={Wikipedia}, 
    publisher={Wikimedia Foundation}, 
    author={Boldt, Axel}, 
    year={2020}, 
    month={September}
}

@misc{mole, 
    title={SI Units - Amount of Substance},
    howpublished="\url{https://www.nist.gov/pml/weights-and-measures/si-units-amount-substance}", 
    journal={NIST}, 
    publisher={National Institute of Standards and Technology, a U.S. Department of Commerce}, 
    author={Chavez, Isabel}, 
    year={2019}, 
    month={Nov}
}

@misc{specificGasConstantAir, 
    title={Gas constant}, 
    howpublished="\url{https://en.wikipedia.org/wiki/Gas_constant#Specific_gas_constant}", 
    journal={Wikipedia}, 
    publisher={Wikimedia Foundation}, 
    author={192.2.69.128 (Anonymous Internet User)}, 
    year={2020}, 
    month={Jun}
}

@misc{coriolis, 
    title={Coriolis frequency}, 
    howpublished="\url{https://en.wikipedia.org/wiki/Coriolis_frequency}", 
    journal={Wikipedia}, 
    publisher={Wikimedia Foundation}, 
    author={Kjkolb}, 
    year={2020}, 
    month={Jun}
}

@misc{circumference, 
    title={Circumference}, 
    howpublished="\url{https://en.wikipedia.org/wiki/Circumference}", 
    journal={Wikipedia}, 
    publisher={Wikimedia Foundation}, 
    author={MBManie}, 
    year={2020}, 
    month={Jun}
}

@misc{albedo, 
    title={Albedo}, 
    howpublished="\url{https://en.wikipedia.org/wiki/Albedo}", 
    journal={Wikipedia}, 
    publisher={Wikimedia Foundation}, 
    author={155.42.27.xxx (Anonymous Internet User)}, 
    year={2020}, 
    month={Jun}
}

@misc{fplane, 
    title={F-plane}, 
    howpublished="\url{https://en.wikipedia.org/wiki/F-plane}", 
    journal={Wikipedia}, 
    publisher={Wikimedia Foundation}, 
    author={Johnson, Nathan}, 
    year={2020}, 
    month={Apr}
}

@book{usatmosp, 
    place={Washington, D.C.}, 
    title={U.S. standard atmosphere}, 
    publisher={National Oceanic and Atmospheric Administration}, 
    author={National Aeronautics and Space Administration}, 
    year={1976}
}

@misc{interpolation, 
    title={Interpolation}, 
    howpublished = "\url{https://en.wikipedia.org/wiki/Interpolation}", 
    journal={Wikipedia}, 
    publisher={Wikimedia Foundation}, 
    author={Beldin, Dick}, 
    year={2020},
    month={May}
}

@article{isca, 
    title={Isca, v1.0: a framework for the global modelling of the atmospheres of Earth and other planets at varying levels of complexity}, 
    volume={11}, 
    DOI={10.5194/gmd-11-843-2018}, 
    number={3}, 
    journal={Geoscientific Model Development}, 
    author={Vallis, Geoffrey K. and Colyer, Greg and Geen, Ruth and Gerber, Edwin and Jucker, Martin and Maher, Penelope and Paterson, Alexander and Pietschnig, Marianne and Penn, James and Thomson, Stephen I. and et al.}, 
    year={2018}, 
    pages={843–859}
}

@article{greyRad, 
    title={A Gray-Radiation Aquaplanet Moist GCM. Part I: Static Stability and Eddy Scale}, 
    volume={63}, 
    DOI={10.1175/jas3753.1}, 
    number={10}, 
    journal={Journal of the Atmospheric Sciences}, 
    author={Frierson, Dargan M. W. and Held, Isaac M. and Zurita-Gotor, Pablo}, 
    year={2006}, 
    pages={2548–2566}
}

@misc{claudeGit, 
    title={Planet-Factory/claude}, 
    howpublished="\url{https://github.com/Planet-Factory/claude}", 
    journal={GitHub}, 
    author={Clark, Simon}, 
    editor={Reid, Peter and Marsden, Aren},
    translator={Baggen, Sam}
}

@misc{nomGit, 
    title={TechWizzart/claude}, 
    howpublished="\url{https://github.com/TechWizzart/claude}", 
    journal={GitHub}, 
    author={Baggen, Sam}
}

@misc{pythagoras, 
    title={Pythagorean theorem}, 
    howpublished="\url{https://en.wikipedia.org/wiki/Pythagorean_theorem}", 
    journal={Wikipedia}, 
    publisher={Wikimedia Foundation}, 
    author={Boldt, Axel}, 
    year={2001}, 
    month={Sep}
}

@article{numpy,
    title={The NumPy array: a structure for efficient numerical computation},
    author={Van Der Walt, Stefan and Colbert, S Chris and Varoquaux, Gael},
    journal={Computing in Science \& Engineering},
    volume={13},
    number={2},
    pages={22},
    year={2011},
    publisher={IEEE Computer Society}
}

@inbook{cancellation,
    author         = {Thomas H. Cormen and Charles E and Leiserson and Ronald L. Rivest and Clifford Stein},
    title          = {Introduction to Algorithms},
    edition        = {3rd},
    chapter        = {30},
    pages          = {907},
    publisher      = {MIT Press},
    year           = {2009}
}

@misc{geopot,
    author = "{145.254.33.233}",
    title = "Geopotential height",
    year = "2003",
    howpublished = "\url{https://en.wikipedia.org/w/index.php?title=Geopotential_height&oldid=985531215}",
    journal={Wikipedia}, 
    publisher={Wikimedia Foundation},
    month={Jan}
}

@misc{verticalcoords, 
    title={Vertical Coordinates}, 
    journal={Atmospheric and Oceanic Modeling}, 
    author={Adcroft, Alistair},
    year={2004}
}

@misc{meshgridGFG, 
    title={Numpy Meshgrid function}, 
    url={https://www.geeksforgeeks.org/numpy-meshgrid-function/}, 
    journal={GeeksforGeeks}, 
    author={Gayen, Arijit Kumar}, 
    year={2019}, 
    month={Apr}
}

@misc{meshgridDoc, 
    title={numpy.meshgrid¶}, 
    url={https://numpy.org/doc/stable/reference/generated/numpy.meshgrid.html}, 
    journal={numpy.meshgrid - NumPy v1.19 Manual}, 
    author={The SciPy community}, 
    year={2020}, 
    month={Jun}
}

@misc{bivariatespline, 
    title={scipy.interpolate.RectBivariateSpline¶}, 
    url={https://docs.scipy.org/doc/scipy/reference/generated/scipy.interpolate.RectBivariateSpline.html}, 
    journal={scipy.interpolate.RectBivariateSpline - SciPy v1.5.4 Reference Guide}, 
    author={The SciPy community}, 
    year={2020}, 
    month={Nov}
}